
@article{boncz-phd,
	author = {Boncz, Peter},
	year = {2002},
	month = {01},
	pages = {},
	title = {Monet; a next-Generation DBMS Kernel For Query-Intensive Applications}
}

@article{boncz-monet-vectorized,
	author = {Boncz, Peter and Zukowski, M. and Nes, Niels},
	year = {2005},
	month = {01},
	pages = {},
	title = {MonetDB/X100: Hyper-Pipelining Query Execution},
	journal = {2nd Biennial Conference on Innovative Data Systems Research, CIDR 2005}
}

@article{boncz-vectorwise1,
	title={Vectorwise: Beyond Column Stores},
	author={Marcin Zukowski and Peter A. Boncz},
	journal={IEEE Data Eng. Bull.},
	year={2012},
	volume={35},
	pages={21-27}
}

@article{monet-2decades,
	author = {Idreos, Stratos and Groffen, F. and Nes, Niels and Manegold, Stefan and Mullender, Sjoerd and Kersten, Martin},
	year = {2012},
	month = {01},
	pages = {},
	title = {MonetDB: Two Decades of Research in Column-oriented Database Architectures},
	volume = {35},
	journal = {IEEE Data Eng. Bull.}
}

@article{volcano,
	author = {Graefe, G.},
	title = {Volcano— An Extensible and Parallel Query Evaluation System},
	year = {1994},
	issue_date = {February 1994},
	publisher = {IEEE Educational Activities Department},
	address = {USA},
	volume = {6},
	number = {1},
	issn = {1041-4347},
	url = {https://doi.org/10.1109/69.273032},
	doi = {10.1109/69.273032},
	journal = {IEEE Trans. on Knowl. and Data Eng.},
	month = feb,
	pages = {120–135},
	numpages = {16},
	keywords = {predicates, type-specific methods., database query processing, data-driven dataflow, partitioned datasets, parallel query evaluation system, horizontal inter-operator parallelism, intra-operator parallelism, choose-plan meta-operator, semantics, data structures, data type, support functions, parallel programming, extensibility, dynamic query evaluation plans, Volcano, query processing, query processing operators, algebra operators, resource allocation, demand-driven dataflow, dataflow query execution system, query optimization, novel meta-operators}
}

@article{a+indexes,
	title={A+ Indexes: Lightweight and Highly Flexible Adjacency Lists for Graph Database Management Systems},
	author={Amine Mhedhbi and Pranjal Gupta and Shahid Khaliq and Semih Salihoglu},
	journal={ArXiv},
	year={2020},
	volume={abs/2004.00130}
}

@article{survey,
	author = {Sahu, Siddhartha and Mhedhbi, Amine and Salihoglu, Semih and Lin, Jimmy and \"{O}zsu, M. Tamer},
	title = {The Ubiquity of Large Graphs and Surprising Challenges of Graph Processing},
	year = {2017},
	issue_date = {December 2017},
	publisher = {VLDB Endowment},
	volume = {11},
	number = {4},
	issn = {2150-8097},
	url = {https://doi.org/10.1145/3164135.3164139},
	doi = {10.1145/3164135.3164139},
	journal = {Proc. VLDB Endow.},
	month = dec,
	pages = {420–431},
	numpages = {12}
}

@article{schema-validation-bonifati,
	author    = {Angela Bonifati and
	Peter Furniss and
	Alastair Green and
	Russ Harmer and
	Eugenia Oshurko and
	Hannes Voigt},
	title     = {Schema Validation and Evolution for Graph Databases},
	journal   = {CoRR},
	volume    = {abs/1902.06427},
	year      = {2019},
	url       = {http://arxiv.org/abs/1902.06427},
	archivePrefix = {arXiv},
	eprint    = {1902.06427},
	timestamp = {Tue, 21 May 2019 18:03:39 +0200},
}

@article{mhedhbi:sqs,
	title      = {Optimizing {{Subgraph Queries}} by {{Combining Binary}} and
	{{Worst}}-{{Case Optimal Joins}}},
	author     = {Mhedhbi, Amine and Salihoglu, Semih},
	journal    = {PVLDB},
	year       = {2019},
	volume     = {12},
	number     = {11}
}

@article{sahu:survey,
	title      = {The {{Ubiquity}} of {{Large Graphs}} and {{Surprising
	Challenges}} of {{Graph Processing}}: {{Extended Survey}}},
	author     = {Sahu, Siddhartha and Mhedhbi, Amine and Salihoglu, Semih and
	Lin, Jimmy and {\"O}zsu, M. Tamer},
	journal    = {The VLDB Journal},
	year       = {2019},
}

@article{monetdb,
	author = {Idreos, Stratos and Groffen, F. and Nes, Niels and Manegold, Stefan and Mullender, Sjoerd and Kersten, Martin},
	year = {2012},
	month = {01},
	pages = {},
	title = {MonetDB: Two Decades of Research in Column-oriented Database Architectures},
	volume = {35},
	journal = {IEEE Data Eng. Bull.}
}

@article{dat-comp,
	author = {Graefe, Goetz and Shapiro, Leonard},
	year = {2001},
	month = {12},
	pages = {},
	title = {Data Compression and Database Performance},
	doi = {10.1109/SOAC.1991.143840}
}

@book{bonifati-adj-lists,
	title = {{Querying Graphs}},
	author = {Bonifati, Angela and Fletcher, George and Voigt, Hannes and Yakovets, Nikolay},
	url = {https://hal.inria.fr/hal-01974379},
	publisher = {{Morgan \& Claypool Publishers}},
	series = {Synthesis Lectures on Data Management},
	volume = {10},
	number = {3},
	pages = {1-184},
	year = {2018},
	month = Oct,
	doi = {10.2200/S00873ED1V01Y201808DTM051},
	hal_id = {hal-01974379},
	hal_version = {v1},
}

@inproceedings{boncz-vectorwise,
	author = {Zukowski, Marcin and Boncz, Peter},
	title = {From X100 to Vectorwise: Opportunities, Challenges and Things Most Researchers Do Not Think About},
	year = {2012},
	isbn = {9781450312479},
	publisher = {Association for Computing Machinery},
	address = {New York, NY, USA},
	url = {https://doi.org/10.1145/2213836.2213967},
	doi = {10.1145/2213836.2213967},
	booktitle = {Proceedings of the 2012 ACM SIGMOD International Conference on Management of Data},
	pages = {861–862},
	numpages = {2},
	keywords = {dbms, x100, vectorwise, actian},
	location = {Scottsdale, Arizona, USA},
	series = {SIGMOD ’12}
}

@inproceedings{abadi-col-comp,
	author = {Abadi, Daniel and Madden, Samuel and Ferreira, Miguel},
	title = {Integrating Compression and Execution in Column-Oriented Database Systems},
	year = {2006},
	isbn = {1595934340},
	publisher = {Association for Computing Machinery},
	address = {New York, NY, USA},
	url = {https://doi.org/10.1145/1142473.1142548},
	doi = {10.1145/1142473.1142548},
	booktitle = {Proceedings of the 2006 ACM SIGMOD International Conference on Management of Data},
	pages = {671–682},
	numpages = {12},
	keywords = {query execution, column-oriented databases, column-stores, database compression},
	location = {Chicago, IL, USA},
	series = {SIGMOD ’06}
}

@inproceedings{abadi-sparse-col,
	author = {Abadi, Daniel},
	year = {2007},
	month = {01},
	pages = {292-297},
	title = {Column Stores for Wide and Sparse Data.},
	journal = {CIDR 2007 - 3rd Biennial Conference on Innovative Data Systems Research}
}

@inproceedings{cypher,
	title={Cypher: An Evolving Query Language for Property Graphs},
	author={Francis, Nadime and Green, Alastair and Guagliardo, Paolo and Libkin, Leonid and Lindaaker, Tobias and Marsault, Victor and Plantikow, Stefan and Rydberg, Mats and Selmer, Petra and Taylor, Andr{\'e}s},
	year={2018}
}

@inproceedings{defining-schema-hartig,
	author = {Hartig, Olaf and Hidders, Jan},
	title = {Defining Schemas for Property Graphs by Using the GraphQL Schema Definition Language},
	year = {2019},
	isbn = {9781450367899},
	publisher = {Association for Computing Machinery},
	address = {New York, NY, USA},
	url = {https://doi.org/10.1145/3327964.3328495},
	doi = {10.1145/3327964.3328495},
	booktitle = {Proceedings of the 2nd Joint International Workshop on Graph Data Management Experiences \& Systems (GRADES) and Network Data Analytics (NDA)},
	articleno = {6},
	numpages = {11},
	keywords = {graph database, schema, constraints},
	location = {Amsterdam, Netherlands},
	series = {GRADES-NDA’19}
}

@inproceedings{ldbc,
	author = {Erling, Orri and Averbuch, Alex and Larriba-Pey, Josep and Chafi, Hassan and Gubichev, Andrey and Prat, Arnau and Pham, Minh-Duc and Boncz, Peter},
	title = {The LDBC Social Network Benchmark: Interactive Workload},
	year = {2015},
	isbn = {9781450327589},
	publisher = {Association for Computing Machinery},
	address = {New York, NY, USA},
	url = {https://doi.org/10.1145/2723372.2742786},
	doi = {10.1145/2723372.2742786},
	booktitle = {Proceedings of the 2015 ACM SIGMOD International Conference on Management of Data},
	pages = {619–630},
	numpages = {12},
	keywords = {rdf databases, benchmarking, graph databases},
	location = {Melbourne, Victoria, Australia},
	series = {SIGMOD ’15}
}

@inproceedings{kankanamge:graphflow,
	title      = {Graphflow: {{An Active Graph Database}}},
	author     = {Kankanamge, Chathura and Sahu, Siddhartha and Mhedbhi, Amine
	and Chen, Jeremy and Salihoglu, Semih},
	booktitle  = {{{ACM SIGMOD}}},
	year       = {2017}
}

@inproceedings{c-store,
	author = {Stonebraker, Mike and Abadi, Daniel J. and Batkin, Adam and Chen, Xuedong and Cherniack, Mitch and Ferreira, Miguel and Lau, Edmond and Lin, Amerson and Madden, Sam and O’Neil, Elizabeth and O’Neil, Pat and Rasin, Alex and Tran, Nga and Zdonik, Stan},
	title = {C-Store: A Column-Oriented DBMS},
	year = {2005},
	isbn = {1595931546},
	publisher = {VLDB Endowment},
	booktitle = {Proceedings of the 31st International Conference on Very Large Data Bases},
	pages = {553–564},
	numpages = {12},
	location = {Trondheim, Norway},
	series = {VLDB ’05}
}

@inproceedings{boncz-comp,
	author = {Zukowski, Marcin and Heman, Sandor and Nes, Niels and Boncz, Peter},
	title = {Super-Scalar RAM-CPU Cache Compression},
	year = {2006},
	isbn = {0769525709},
	publisher = {IEEE Computer Society},
	address = {USA},
	url = {https://doi.org/10.1109/ICDE.2006.150},
	doi = {10.1109/ICDE.2006.150},
	booktitle = {Proceedings of the 22nd International Conference on Data Engineering},
	pages = {59},
	numpages = {1},
	series = {ICDE ’06}
}

@inproceedings{beckmann:sparse,

	author={J. L. {Beckmann} and A. {Halverson} and R. {Krishnamurthy} and J. F. {Naughton}},

	booktitle={22nd International Conference on Data Engineering (ICDE'06)}, 

	title={Extending RDBMSs To Support Sparse Datasets Using An Interpreted Attribute Storage Format}, 

	year={2006},

	volume={},

	number={},

	pages={58-58},
}

@article{westmann-comp,
	author = {Westmann, Till and Kossmann, Donald and Helmer, Sven and Moerkotte, Guido},
	title = {The Implementation and Performance of Compressed Databases},
	year = {2000},
	issue_date = {Sept. 2000},
	publisher = {Association for Computing Machinery},
	address = {New York, NY, USA},
	volume = {29},
	number = {3},
	issn = {0163-5808},
	url = {https://doi.org/10.1145/362084.362137},
	doi = {10.1145/362084.362137},
	journal = {SIGMOD Rec.},
	month = sep,
	pages = {55–67},
	numpages = {13}
}

@Misc{neo4j,
	title      = {neo4j},
	year       = {2020},
	url        = {https://neo4j.com}
}

@Misc{dgraph,
	title      = {Dgraph},
	year       = {2020},
	url        = {https://neo4j.com}
}

@Misc{janusgraph,
	key        = {janusgraph},
	title      = {Janus {{Graph}}},
	howpublished = {\url{https://janusgraph.org}}
}

@Misc{tigergraph,
	key        = {tigergraph},
	title      = {{{TigerGraph}}},
	howpublished = {\url{https://www.tigergraph.com}}
}

@Misc{neo4j-property-graph-model,
	key        = {neo4j-property-graph-model},
	title      = {Neo4j {{Property Graph Model}}},
	year       = {2019},
	howpublished = {\url{https://neo4j.com/developer/graph-database}}
}